%YAML 1.1
%TAG !u! tag:unity3d.com,2011:
--- !u!1001 &100100000
Prefab:
  m_ObjectHideFlags: 1
  serializedVersion: 2
  m_Modification:
    m_TransformParent: {fileID: 0}
    m_Modifications: []
    m_RemovedComponents: []
  m_ParentPrefab: {fileID: 0}
  m_RootGameObject: {fileID: 1818149063087652}
  m_IsPrefabParent: 1
--- !u!1 &1818149063087652
GameObject:
  m_ObjectHideFlags: 0
  m_PrefabParentObject: {fileID: 0}
  m_PrefabInternal: {fileID: 100100000}
  serializedVersion: 5
  m_Component:
  - component: {fileID: 4118909702463678}
  - component: {fileID: 114580824253302012}
  - component: {fileID: 114673094876729552}
  m_Layer: 9
  m_Name: MMD VDW
  m_TagString: Untagged
  m_Icon: {fileID: 0}
  m_NavMeshLayer: 0
  m_StaticEditorFlags: 0
  m_IsActive: 1
--- !u!4 &4118909702463678
Transform:
  m_ObjectHideFlags: 1
  m_PrefabParentObject: {fileID: 0}
  m_PrefabInternal: {fileID: 100100000}
  m_GameObject: {fileID: 1818149063087652}
  m_LocalRotation: {x: -0, y: -0, z: -0, w: 1}
  m_LocalPosition: {x: 0, y: 0, z: 0}
  m_LocalScale: {x: 1, y: 1, z: 1}
  m_Children: []
  m_Father: {fileID: 0}
  m_RootOrder: 0
  m_LocalEulerAnglesHint: {x: 0, y: 0, z: 0}
--- !u!114 &114580824253302012
MonoBehaviour:
  m_ObjectHideFlags: 1
  m_PrefabParentObject: {fileID: 0}
  m_PrefabInternal: {fileID: 100100000}
  m_GameObject: {fileID: 1818149063087652}
  m_Enabled: 1
  m_EditorHideFlags: 0
  m_Script: {fileID: 11500000, guid: cc8b399d3f65e9440a9e72d37d854538, type: 3}
  m_Name: 
  m_EditorClassIdentifier: 
  AutoRefresh: 1
  vdwShader: {fileID: 4800000, guid: 5228e4718ee754c409123be01d993cd3, type: 3}
  vdwMaterial: {fileID: 0}
  Settings:
    IntParameters:
    - Name: Darken
      _value: 64
    - Name: MeshComplexity
      _value: 10
    FloatParameters:
    - Name: HemisphereCull
      _value: 0
    - Name: Scaling
      _value: 1
    BoolParameters:
    - Name: Spin
      _value: 1
    - Name: Hemispheres
      _value: 1
    ColorParameters: []
    Darken:
      Name: Darken
      _value: 64
    MeshComplexity:
      Name: MeshComplexity
      _value: 10
    Spin:
      Name: Spin
      _value: 1
    Hemispheres:
      Name: Hemispheres
      _value: 1
    HemisphereCull:
      Name: HemisphereCull
      _value: 0
    Scaling:
      Name: Scaling
      _value: 1
--- !u!114 &114673094876729552
MonoBehaviour:
  m_ObjectHideFlags: 1
  m_PrefabParentObject: {fileID: 0}
  m_PrefabInternal: {fileID: 100100000}
  m_GameObject: {fileID: 1818149063087652}
  m_Enabled: 1
  m_EditorHideFlags: 0
  m_Script: {fileID: 11500000, guid: 52b30871d4a90ba40af8378ce0e0ac08, type: 3}
  m_Name: 
  m_EditorClassIdentifier: 
  FrameSource:
    link: {fileID: 0}
  SelectionSource:
    link: {fileID: 0}
  StyleSource:
    link: {fileID: 0}
  IgnoreSources: 0
