%YAML 1.1
%TAG !u! tag:unity3d.com,2011:
--- !u!1001 &100100000
Prefab:
  m_ObjectHideFlags: 1
  serializedVersion: 2
  m_Modification:
    m_TransformParent: {fileID: 0}
    m_Modifications: []
    m_RemovedComponents: []
  m_ParentPrefab: {fileID: 0}
  m_RootGameObject: {fileID: 1695856684543674}
  m_IsPrefabParent: 1
--- !u!1 &1114024438516072
GameObject:
  m_ObjectHideFlags: 1
  m_PrefabParentObject: {fileID: 0}
  m_PrefabInternal: {fileID: 100100000}
  serializedVersion: 5
  m_Component:
  - component: {fileID: 4639352245807106}
  - component: {fileID: 114859815667515158}
  m_Layer: 9
  m_Name: MMD Bonds (CPK)
  m_TagString: Untagged
  m_Icon: {fileID: 0}
  m_NavMeshLayer: 0
  m_StaticEditorFlags: 0
  m_IsActive: 1
--- !u!1 &1302237805090940
GameObject:
  m_ObjectHideFlags: 1
  m_PrefabParentObject: {fileID: 0}
  m_PrefabInternal: {fileID: 100100000}
  serializedVersion: 5
  m_Component:
  - component: {fileID: 4464915972999748}
  - component: {fileID: 114851427072331230}
  - component: {fileID: 114075992743572362}
  m_Layer: 9
  m_Name: MMD Points (Atom Outlines)
  m_TagString: Untagged
  m_Icon: {fileID: 0}
  m_NavMeshLayer: 0
  m_StaticEditorFlags: 0
  m_IsActive: 1
--- !u!1 &1463632784560986
GameObject:
  m_ObjectHideFlags: 0
  m_PrefabParentObject: {fileID: 0}
  m_PrefabInternal: {fileID: 100100000}
  serializedVersion: 5
  m_Component:
  - component: {fileID: 4465539932264238}
  - component: {fileID: 114712906096698330}
  m_Layer: 9
  m_Name: Black Max Radius
  m_TagString: Untagged
  m_Icon: {fileID: 0}
  m_NavMeshLayer: 0
  m_StaticEditorFlags: 0
  m_IsActive: 1
--- !u!1 &1570539331104012
GameObject:
  m_ObjectHideFlags: 1
  m_PrefabParentObject: {fileID: 0}
  m_PrefabInternal: {fileID: 100100000}
  serializedVersion: 5
  m_Component:
  - component: {fileID: 4385614485835444}
  - component: {fileID: 114416825362191446}
  - component: {fileID: 114576926002600962}
  m_Layer: 9
  m_Name: MMD Lines (Bond Outlines)
  m_TagString: Untagged
  m_Icon: {fileID: 0}
  m_NavMeshLayer: 0
  m_StaticEditorFlags: 0
  m_IsActive: 1
--- !u!1 &1627790517825314
GameObject:
  m_ObjectHideFlags: 0
  m_PrefabParentObject: {fileID: 0}
  m_PrefabInternal: {fileID: 100100000}
  serializedVersion: 5
  m_Component:
  - component: {fileID: 4243948497419588}
  - component: {fileID: 114911278306672672}
  - component: {fileID: 114672951579387834}
  m_Layer: 9
  m_Name: MMD NSB (Body)
  m_TagString: Untagged
  m_Icon: {fileID: 0}
  m_NavMeshLayer: 0
  m_StaticEditorFlags: 0
  m_IsActive: 1
--- !u!1 &1695856684543674
GameObject:
  m_ObjectHideFlags: 0
  m_PrefabParentObject: {fileID: 0}
  m_PrefabInternal: {fileID: 100100000}
  serializedVersion: 5
  m_Component:
  - component: {fileID: 4834530970465808}
  - component: {fileID: 114518347327474986}
  m_Layer: 9
  m_Name: NSB Outline
  m_TagString: Untagged
  m_Icon: {fileID: 0}
  m_NavMeshLayer: 0
  m_StaticEditorFlags: 0
  m_IsActive: 1
--- !u!1 &1930065811635118
GameObject:
  m_ObjectHideFlags: 1
  m_PrefabParentObject: {fileID: 0}
  m_PrefabInternal: {fileID: 100100000}
  serializedVersion: 5
  m_Component:
  - component: {fileID: 4705006987652914}
  - component: {fileID: 114036109978249692}
  m_Layer: 9
  m_Name: MMD VDW (CPK)
  m_TagString: Untagged
  m_Icon: {fileID: 0}
  m_NavMeshLayer: 0
  m_StaticEditorFlags: 0
  m_IsActive: 1
--- !u!4 &4243948497419588
Transform:
  m_ObjectHideFlags: 1
  m_PrefabParentObject: {fileID: 0}
  m_PrefabInternal: {fileID: 100100000}
  m_GameObject: {fileID: 1627790517825314}
  m_LocalRotation: {x: -0, y: -0, z: -0, w: 1}
  m_LocalPosition: {x: 0, y: 0, z: 0}
  m_LocalScale: {x: 1, y: 1, z: 1}
  m_Children:
  - {fileID: 4705006987652914}
  - {fileID: 4639352245807106}
  m_Father: {fileID: 4834530970465808}
  m_RootOrder: 0
  m_LocalEulerAnglesHint: {x: 0, y: 0, z: 0}
--- !u!4 &4385614485835444
Transform:
  m_ObjectHideFlags: 1
  m_PrefabParentObject: {fileID: 0}
  m_PrefabInternal: {fileID: 100100000}
  m_GameObject: {fileID: 1570539331104012}
  m_LocalRotation: {x: -0, y: -0, z: -0, w: 1}
  m_LocalPosition: {x: 0, y: 0, z: 0}
  m_LocalScale: {x: 1, y: 1, z: 1}
  m_Children: []
  m_Father: {fileID: 4639352245807106}
  m_RootOrder: 0
  m_LocalEulerAnglesHint: {x: 0, y: 0, z: 0}
--- !u!4 &4464915972999748
Transform:
  m_ObjectHideFlags: 1
  m_PrefabParentObject: {fileID: 0}
  m_PrefabInternal: {fileID: 100100000}
  m_GameObject: {fileID: 1302237805090940}
  m_LocalRotation: {x: -0, y: -0, z: -0, w: 1}
  m_LocalPosition: {x: 0, y: 0, z: 0}
  m_LocalScale: {x: 1, y: 1, z: 1}
  m_Children: []
  m_Father: {fileID: 4705006987652914}
  m_RootOrder: 0
  m_LocalEulerAnglesHint: {x: 0, y: 0, z: 0}
--- !u!4 &4465539932264238
Transform:
  m_ObjectHideFlags: 1
  m_PrefabParentObject: {fileID: 0}
  m_PrefabInternal: {fileID: 100100000}
  m_GameObject: {fileID: 1463632784560986}
  m_LocalRotation: {x: -0, y: -0, z: -0, w: 1}
  m_LocalPosition: {x: 0, y: 0, z: 0}
  m_LocalScale: {x: 1, y: 1, z: 1}
  m_Children: []
  m_Father: {fileID: 4834530970465808}
  m_RootOrder: 1
  m_LocalEulerAnglesHint: {x: 0, y: 0, z: 0}
--- !u!4 &4639352245807106
Transform:
  m_ObjectHideFlags: 1
  m_PrefabParentObject: {fileID: 0}
  m_PrefabInternal: {fileID: 100100000}
  m_GameObject: {fileID: 1114024438516072}
  m_LocalRotation: {x: -0, y: -0, z: -0, w: 1}
  m_LocalPosition: {x: 0, y: 0, z: 0}
  m_LocalScale: {x: 1, y: 1, z: 1}
  m_Children:
  - {fileID: 4385614485835444}
  m_Father: {fileID: 4243948497419588}
  m_RootOrder: 1
  m_LocalEulerAnglesHint: {x: 0, y: 0, z: 0}
--- !u!4 &4705006987652914
Transform:
  m_ObjectHideFlags: 1
  m_PrefabParentObject: {fileID: 0}
  m_PrefabInternal: {fileID: 100100000}
  m_GameObject: {fileID: 1930065811635118}
  m_LocalRotation: {x: -0, y: -0, z: -0, w: 1}
  m_LocalPosition: {x: 0, y: 0, z: 0}
  m_LocalScale: {x: 1, y: 1, z: 1}
  m_Children:
  - {fileID: 4464915972999748}
  m_Father: {fileID: 4243948497419588}
  m_RootOrder: 0
  m_LocalEulerAnglesHint: {x: 0, y: 0, z: 0}
--- !u!4 &4834530970465808
Transform:
  m_ObjectHideFlags: 1
  m_PrefabParentObject: {fileID: 0}
  m_PrefabInternal: {fileID: 100100000}
  m_GameObject: {fileID: 1695856684543674}
  m_LocalRotation: {x: -0, y: -0, z: -0, w: 1}
  m_LocalPosition: {x: 0, y: 0, z: 0}
  m_LocalScale: {x: 1, y: 1, z: 1}
  m_Children:
  - {fileID: 4243948497419588}
  - {fileID: 4465539932264238}
  m_Father: {fileID: 0}
  m_RootOrder: 0
  m_LocalEulerAnglesHint: {x: 0, y: 0, z: 0}
--- !u!114 &114036109978249692
MonoBehaviour:
  m_ObjectHideFlags: 1
  m_PrefabParentObject: {fileID: 0}
  m_PrefabInternal: {fileID: 100100000}
  m_GameObject: {fileID: 1930065811635118}
  m_Enabled: 1
  m_EditorHideFlags: 0
  m_Script: {fileID: 11500000, guid: cc8b399d3f65e9440a9e72d37d854538, type: 3}
  m_Name: 
  m_EditorClassIdentifier: 
  AutoRefresh: 0
  vdwShader: {fileID: 4800000, guid: 5228e4718ee754c409123be01d993cd3, type: 3}
  vdwMaterial: {fileID: 0}
  Settings:
    IntParameters:
    - Name: Darken
      _value: 64
    - Name: MeshComplexity
      _value: 6
    FloatParameters:
    - Name: HemisphereCull
      _value: 0
    - Name: Scaling
      _value: 1
    BoolParameters:
    - Name: Spin
      _value: 0
    - Name: Hemispheres
      _value: 0
    ColorParameters: []
    Darken:
      Name: Darken
      _value: 64
    MeshComplexity:
      Name: MeshComplexity
      _value: 6
    Spin:
      Name: Spin
      _value: 0
    Hemispheres:
      Name: Hemispheres
      _value: 0
    HemisphereCull:
      Name: HemisphereCull
      _value: 0
    Scaling:
      Name: Scaling
      _value: 1
--- !u!114 &114075992743572362
MonoBehaviour:
  m_ObjectHideFlags: 1
  m_PrefabParentObject: {fileID: 0}
  m_PrefabInternal: {fileID: 100100000}
  m_GameObject: {fileID: 1302237805090940}
  m_Enabled: 1
  m_EditorHideFlags: 0
  m_Script: {fileID: 11500000, guid: 52b30871d4a90ba40af8378ce0e0ac08, type: 3}
  m_Name: 
  m_EditorClassIdentifier: 
  FrameSource:
    link: {fileID: 0}
  SelectionSource:
    link: {fileID: 0}
  StyleSource:
    link: {fileID: 1463632784560986}
  IgnoreSources: 0
--- !u!114 &114416825362191446
MonoBehaviour:
  m_ObjectHideFlags: 1
  m_PrefabParentObject: {fileID: 0}
  m_PrefabInternal: {fileID: 100100000}
  m_GameObject: {fileID: 1570539331104012}
  m_Enabled: 1
  m_EditorHideFlags: 0
  m_Script: {fileID: 11500000, guid: 81f8360840c12fb46aa84c22f0ce1379, type: 3}
  m_Name: 
  m_EditorClassIdentifier: 
  AutoRefresh: 0
  EyeTransform: {fileID: 0}
  ForceParticles: 0
  Texture: {fileID: 2800000, guid: d509785c43e9afa4daad401f033c0a85, type: 3}
  linesShader: {fileID: 4800000, guid: b6cd1f95cdfa48e4e871cdff8510a766, type: 3}
  linesToBillboardsShader: {fileID: 4800000, guid: bb1d07a677c99374095c84e0e5b0cc7e,
    type: 3}
  quadsShader: {fileID: 4800000, guid: 01312858c226be14d8302f977904d9e4, type: 3}
  Settings:
    IntParameters: []
    FloatParameters:
    - Name: Width
      _value: 0.06
    - Name: Sharpness
      _value: 1
    BoolParameters: []
    ColorParameters: []
    Width:
      Name: Width
      _value: 0.06
    Sharpness:
      Name: Sharpness
      _value: 1
--- !u!114 &114518347327474986
MonoBehaviour:
  m_ObjectHideFlags: 1
  m_PrefabParentObject: {fileID: 0}
  m_PrefabInternal: {fileID: 100100000}
  m_GameObject: {fileID: 1695856684543674}
  m_Enabled: 1
  m_EditorHideFlags: 0
  m_Script: {fileID: 11500000, guid: 2f05cf3c3ab6ea242b437f5a08bc7346, type: 3}
  m_Name: 
  m_EditorClassIdentifier: 
  AutoRefresh: 0
  NsbRepresentation: {fileID: 114911278306672672}
  atomOutlines: {fileID: 114851427072331230}
  bondOutlines: {fileID: 114416825362191446}
  Settings:
    IntParameters: []
    FloatParameters: []
    BoolParameters:
    - Name: Show Outlines
      _value: 1
    ColorParameters: []
    ShowOutlines:
      Name: Show Outlines
      _value: 1
--- !u!114 &114576926002600962
MonoBehaviour:
  m_ObjectHideFlags: 1
  m_PrefabParentObject: {fileID: 0}
  m_PrefabInternal: {fileID: 100100000}
  m_GameObject: {fileID: 1570539331104012}
  m_Enabled: 1
  m_EditorHideFlags: 0
  m_Script: {fileID: 11500000, guid: 52b30871d4a90ba40af8378ce0e0ac08, type: 3}
  m_Name: 
  m_EditorClassIdentifier: 
  FrameSource:
    link: {fileID: 0}
  SelectionSource:
    link: {fileID: 0}
  StyleSource:
    link: {fileID: 0}
  IgnoreSources: 0
--- !u!114 &114672951579387834
MonoBehaviour:
  m_ObjectHideFlags: 1
  m_PrefabParentObject: {fileID: 0}
  m_PrefabInternal: {fileID: 100100000}
  m_GameObject: {fileID: 1627790517825314}
  m_Enabled: 1
  m_EditorHideFlags: 0
  m_Script: {fileID: 11500000, guid: 52b30871d4a90ba40af8378ce0e0ac08, type: 3}
  m_Name: 
  m_EditorClassIdentifier: 
  FrameSource:
    link: {fileID: 0}
  SelectionSource:
    link: {fileID: 0}
  StyleSource:
    link: {fileID: 0}
  IgnoreSources: 0
--- !u!114 &114712906096698330
MonoBehaviour:
  m_ObjectHideFlags: 1
  m_PrefabParentObject: {fileID: 0}
  m_PrefabInternal: {fileID: 100100000}
  m_GameObject: {fileID: 1463632784560986}
  m_Enabled: 1
  m_EditorHideFlags: 0
  m_Script: {fileID: 11500000, guid: b359cc4cafedd534398886d9831c8880, type: 3}
  m_Name: 
  m_EditorClassIdentifier: 
  AutoRefresh: 1
  frameSource:
    link: {fileID: 0}
  AtomColor:
    serializedVersion: 2
    rgba: 4278190080
  Scale: 1.2
  Boost: 0
  Renderers:
  - {fileID: 114911278306672672}
--- !u!114 &114851427072331230
MonoBehaviour:
  m_ObjectHideFlags: 1
  m_PrefabParentObject: {fileID: 0}
  m_PrefabInternal: {fileID: 100100000}
  m_GameObject: {fileID: 1302237805090940}
  m_Enabled: 1
  m_EditorHideFlags: 0
  m_Script: {fileID: 11500000, guid: b26fd36545ab8e64fb92dce5d754fd72, type: 3}
  m_Name: 
  m_EditorClassIdentifier: 
  AutoRefresh: 0
  pointsShader: {fileID: 4800000, guid: 8f8dc2c69136a6343b0114ec24c09e6b, type: 3}
  pointsToBillboardsShader: {fileID: 4800000, guid: 4f68fffb3cc18e24aafdf6c816181e73,
    type: 3}
  quadsShader: {fileID: 4800000, guid: 49cf5983635d3ee4caf57bdd0af81690, type: 3}
  ParticleTexture: {fileID: 2800000, guid: 329f62cb837038849bd93aefb2011da1, type: 3}
  ForceParticles: 0
  Settings:
    IntParameters: []
    FloatParameters:
    - Name: Scaling
      _value: 1
    BoolParameters: []
    ColorParameters: []
    Scaling:
      Name: Scaling
      _value: 1
--- !u!114 &114859815667515158
MonoBehaviour:
  m_ObjectHideFlags: 1
  m_PrefabParentObject: {fileID: 0}
  m_PrefabInternal: {fileID: 100100000}
  m_GameObject: {fileID: 1114024438516072}
  m_Enabled: 1
  m_EditorHideFlags: 0
  m_Script: {fileID: 11500000, guid: 325722bf83e58f6479622f2acf326dd6, type: 3}
  m_Name: 
  m_EditorClassIdentifier: 
  AutoRefresh: 0
  bondsShader: {fileID: 4800000, guid: de43824add3973440ae1cef8baec87d3, type: 3}
  Settings:
    IntParameters:
    - Name: Darken
      _value: 64
    - Name: PrismSides
      _value: 3
    FloatParameters:
    - Name: Radius
      _value: 0.04
    - Name: Blend Sharpness
      _value: 0.5
    BoolParameters:
    - Name: EndCaps
      _value: 0
    ColorParameters: []
    Darken:
      Name: Darken
      _value: 64
    PrismSides:
      Name: PrismSides
      _value: 3
    EndCaps:
      Name: EndCaps
      _value: 0
    Radius:
      Name: Radius
      _value: 0.04
    BlendSharpness:
      Name: Blend Sharpness
      _value: 0.5
--- !u!114 &114911278306672672
MonoBehaviour:
  m_ObjectHideFlags: 1
  m_PrefabParentObject: {fileID: 0}
  m_PrefabInternal: {fileID: 100100000}
  m_GameObject: {fileID: 1627790517825314}
  m_Enabled: 1
  m_EditorHideFlags: 0
  m_Script: {fileID: 11500000, guid: e575f5c5ee890bf47a47a57550f7e936, type: 3}
  m_Name: 
  m_EditorClassIdentifier: 
  AutoRefresh: 0
  atoms: {fileID: 114036109978249692}
  bonds: {fileID: 114859815667515158}
  Settings:
    IntParameters:
    - Name: Mode
      _value: 1
    - Name: AtomMeshComplexity
      _value: 6
    - Name: BondPrismSides
      _value: 5
    FloatParameters:
    - Name: Mode Switch Time
      _value: 0.2
    - Name: Darken
      _value: 0.25
    - Name: Darken Time
      _value: 0.4
    - Name: Bond Blending
      _value: 0
    - Name: AtomHemisphereCull
      _value: 0.5
    - Name: BondRadius
      _value: 0.04
    BoolParameters: []
    ColorParameters: []
    Mode:
      Name: Mode
      _value: 1
    ModeSwitchTime:
      Name: Mode Switch Time
      _value: 0.2
    DarkenTime:
      Name: Darken Time
      _value: 0.4
    Darken:
      Name: Darken
      _value: 0.25
    AtomMeshComplexity:
      Name: AtomMeshComplexity
      _value: 6
    AtomHemisphereCull:
      Name: AtomHemisphereCull
      _value: 0.5
    BondPrismSides:
      Name: BondPrismSides
      _value: 5
    BondRadius:
      Name: BondRadius
      _value: 0.04
    BondBlendSharpness:
      Name: Bond Blending
      _value: 0
